@Comment file bismon-biblio.bib

@Misc{gcc-internals,
  author =       {GCC},
  url = {http://gcc.gnu.org/onlinedocs/gccint/},
  title = {GCC internals doc.},
  month =        {may},
  year =         2018
}

@InProceedings{Starynkevitch2007Multistage,
  author = {Starynkevitch, Basile},
  title =        {Multi-Stage Construction of a Global Static Analyzer},
  year =         2007,
  month = {july},
  pages = {143-152},
  booktitle = {GCC summit},
  address =      {Ottawa, Canada},
  url = {http://starynkevitch.net/basile/gccsummit2007-starynkevitch.pdf},
  organization = {GCC}}


@inproceedings{starynkevitch-DSL2011,
   author = {{Starynkevitch}, Basile},
    title = "{MELT - a Translated Domain Specific Language Embedded in the GCC Compiler}",
  booktitle =    {DSL2011 IFIP conf.},
  year = 2011,
  journal = {ArXiv e-prints},
archivePrefix = "arXiv",
   eprint = {1109.0779},
 primaryClass = "cs.PL",
 keywords = {Computer Science - Programming Languages, Computer Science - Software Engineering, D.3.4, D.1.1, D.2.4, D.3.2},
     year = 2011,
    month = sep,
   url = {http://adsabs.harvard.edu/abs/2011arXiv1109.0779S},
  address =      {Bordeaux (France)},
  adsnote = {Provided by the SAO/NASA Astrophysics Data System}
}

